@article{king1993finance,
  title={Finance and Growth: Schumpeter Might Be Right},
  author={King, Robert G and Levine, Ross},
  journal={The quarterly journal of economics},
  volume={108},
  number={3},
  pages={717--737},
  year={1993},
  publisher={MIT Press}
}

@article{levine1997financial,
  title={Financial Development and Economic Growth: Views and Agenda},
  author={Levine, Ross},
  journal={Journal of economic literature},
  volume={35},
  number={2},
  pages={688--726},
  year={1997},
  publisher={JSTOR}
}

@book{schumpeter1911,
    author={Schumpeter, Joseph},
    title={A Theory of Economic Development},
    publisher={Harvard University Press},
    year={1911},
    address={Cambridge, MA}
}

@article{fama1970efficient,
  title={Efficient capital markets: A review of theory and empirical work},
  author={Fama, Eugene F},
  journal={The journal of Finance},
  volume={25},
  number={2},
  pages={383--417},
  year={1970},
  publisher={JSTOR}
}

@article{devlin2018bert,
  title={BERT: Pre-training of Deep Bidirectional Transformers for Language Understanding},
  author={Devlin, Jacob and Chang, Ming-Wei and Lee, Kenton and Toutanova, Kristina},
  journal={arXiv preprint arXiv:1810.04805},
  year={2018}
}


@article{huang2023finbert,
  title={FinBERT: A Large Language Model for Extracting Information From Financial Text},
  author={Huang, Allen H and Wang, Hui and Yang, Yi},
  journal={Contemporary Accounting Research},
  volume={40},
  number={2},
  pages={806--841},
  year={2023},
  publisher={Wiley Online Library}
}

@article{araci2019finbert,
  title={FinBERT: Financial Sentiment Analysis with Pre-trained Language Models},
  author={Araci, Dogu},
  journal={arXiv preprint arXiv:1908.10063},
  year={2019}
}

@article{tao2018analysing,
  title={Analysing Forward-Looking Statements in Initial Public Offering Prospectuses: A Text Analytics Approach},
  author={Tao, Jie and Deokar, Amit V and Deshmukh, Ashutosh},
  journal={Journal of Business Analytics},
  volume={1},
  number={1},
  pages={54--70},
  year={2018},
  publisher={Taylor \& Francis}
}

@article{ravula2021text,
  title={Text Analysis in Financial Disclosures},
  author={Ravula, Sridhar},
  journal={arXiv preprint arXiv:2101.04480},
  year={2021}
}

@inproceedings{theil2018word,
  title={Word Embeddings-Based Uncertainty Detection in Financial Disclosures},
  author={Theil, Christoph Kilian and {\v{S}}tajner, Sanja and Stuckenschmidt, Heiner},
  booktitle={Proceedings of the First Workshop on Economics and Natural Language Processing},
  pages={32--37},
  year={2018}
}

@article{desola2019finbert,
  title={FinBERT: Pre-trained Model on SEC Filings for Financial Natural Language Tasks},
  author={DeSola, Vinicio and Hanna, Kevin and Nonis, Pri},
  journal={University of California},
  year={2019}
}

@techreport{ke2019predicting,
  title={Predicting Returns with Text Data},
  author={Ke, Zheng Tracy and Kelly, Bryan T and Xiu, Dacheng},
  year={2019},
  institution={National Bureau of Economic Research}
}
